<record xmlns="http://www.loc.gov/MARC21/slim" xmlns:xsi="http://www.w3.org/2001/XMLSchema-instance" xsi:schemaLocation="http://www.loc.gov/MARC21/slim http://www.loc.gov/standards/marcxml/schema/MARC21slim.xsd"><leader>     nam a22        4500</leader><controlfield tag="001">3071338</controlfield><controlfield tag="003">NNC</controlfield><controlfield tag="006">m        d        </controlfield><controlfield tag="007">cr cn |||m|||a</controlfield><controlfield tag="008">150313s1936    sy      ob    000 0 ara c</controlfield><datafield ind1=" " ind2=" " tag="040"><subfield code="a">NNU</subfield><subfield code="b">eng</subfield><subfield code="e">rda</subfield><subfield code="c">NNU</subfield></datafield><datafield ind1="0" ind2=" " tag="041"><subfield code="a">ara</subfield><subfield code="a">fre</subfield></datafield><datafield ind1=" " ind2="4" tag="050"><subfield code="a">DS215</subfield><subfield code="b">.A45 v.3</subfield></datafield><datafield ind1="0" ind2=" " tag="082"><subfield code="a">189.3</subfield></datafield><datafield ind1="1" ind2=" " tag="100"><subfield code="a">Abu&#772; Bakr ibn al-T&#775;ufail, Abu&#772; Ja&#699;far,</subfield><subfield code="c">al-Ishbi&#772;li&#772;,</subfield><subfield code="d">-1185.</subfield></datafield><datafield ind1="1" ind2="0" tag="245"><subfield code="a">Hayy ben Yaqdha&#770;n;</subfield><subfield code="b">roman philosophique d'Ibn Thofai&#776;l. Texte arabe avec les variantes des manuscrits et de plusieurs e&#769;ditions et traduction franc&#807;aise.</subfield></datafield><datafield ind1=" " ind2=" " tag="250"><subfield code="a">2e e&#769;d. rev.,</subfield><subfield code="b">augm. et comple&#768;tement remanie&#769;e, par Le&#769;on Gauthier.</subfield></datafield><datafield ind1=" " ind2=" " tag="260"><subfield code="a">Beyrouth,</subfield><subfield code="b">Imprimerie catholique,</subfield><subfield code="c">1936.</subfield></datafield><datafield ind1=" " ind2=" " tag="300"><subfield code="a">online resource (3 pages leaves, [iii]-xxxiv, 193, [188] pages, 2 leaves)</subfield></datafield><datafield ind1=" " ind2=" " tag="336"><subfield code="a">text</subfield><subfield code="2">rdacontent</subfield></datafield><datafield ind1=" " ind2=" " tag="337"><subfield code="a">computer</subfield><subfield code="2">rdamedia</subfield></datafield><datafield ind1=" " ind2=" " tag="338"><subfield code="a">online resource</subfield><subfield code="2">rdacarrier</subfield></datafield><datafield ind1="0" ind2=" " tag="490"><subfield code="a">Institut d'e&#769;tudes orientales de la Faculte&#769; des lettres d'Alger. [Publications]</subfield><subfield code="v">III</subfield></datafield><datafield ind1=" " ind2=" " tag="500"><subfield code="a">French and Arabic, the latter with Arabic paging.</subfield></datafield><datafield ind1=" " ind2=" " tag="500"><subfield code="a">"La deuxie&#768;me e&#769;dition ... que nous publions ici, diffe&#768;re conside&#769;rablement de la premie&#768;re, e&#769;dite&#769;e en 1900, et constitue, en somme, une &#339;uvre nouvelle."--Introduction.</subfield></datafield><datafield ind1=" " ind2=" " tag="500"><subfield code="a">Part of the Arabic Collections Online (ACO) project, contributed by Columbia University Libraries.</subfield></datafield><datafield ind1=" " ind2=" " tag="504"><subfield code="a">"Liste alphabe&#769;tique des ouvrages cite&#769;s": pages 143-156.</subfield></datafield><datafield ind1=" " ind2=" " tag="533"><subfield code="a">Electronic reproduction.</subfield><subfield code="b">New York, N.Y. :</subfield><subfield code="c">New York University,</subfield><subfield code="d">2015.</subfield><subfield code="5">NNU</subfield></datafield><datafield ind1=" " ind2="0" tag="650"><subfield code="a">Philosophy, Arab.</subfield></datafield><datafield ind1=" " ind2="7" tag="650"><subfield code="a">Philosophie arabe.</subfield><subfield code="2">ram</subfield></datafield><datafield ind1=" " ind2="7" tag="650"><subfield code="a">Islam et philosophie.</subfield><subfield code="2">ram</subfield></datafield><datafield ind1=" " ind2="7" tag="650"><subfield code="a">Philosophie et religion.</subfield><subfield code="2">ram</subfield></datafield><datafield ind1=" " ind2="7" tag="650"><subfield code="a">Philosophy, Arab.</subfield><subfield code="2">fast</subfield><subfield code="0">(OCoLC)fst01060873</subfield></datafield><datafield ind1="1" ind2=" " tag="700"><subfield code="a">Gauthier, Le&#769;on,</subfield><subfield code="d">1862-1949,</subfield><subfield code="e">ed. and tr.</subfield></datafield><datafield ind1="2" ind2=" " tag="710"><subfield code="a">Columbia University.</subfield><subfield code="b">Libraries.</subfield></datafield><datafield ind1="0" ind2=" " tag="730"><subfield code="a">Arabic Collections Online.</subfield></datafield><datafield ind1="0" ind2="8" tag="776"><subfield code="i">Online version:</subfield><subfield code="a">Abu&#772; Bakr ibn al-T&#775;ufail, Abu&#772; Ja&#699;far, al-Ishbi&#772;li&#772;, -1185.</subfield><subfield code="t">Hayy ben Yaqdha&#770;n.</subfield><subfield code="b">2e e&#769;d. rev.</subfield><subfield code="d">Beyrouth, Imprimerie catholique, 1936</subfield><subfield code="w">(OCoLC)644546160</subfield></datafield><datafield ind1="0" ind2="8" tag="776"><subfield code="i">Print version:</subfield><subfield code="a">Abu&#772; Bakr ibn al-T&#775;ufail, Abu&#772; Ja&#699;far, al-Ishbi&#772;li&#772;, -1185.</subfield><subfield code="t">Hayy ben Yaqdha&#770;n;</subfield><subfield code="w">(NNC)3071338</subfield><subfield code="w">(DLC)a  42001391 </subfield><subfield code="w">(OCoLC)7750408</subfield></datafield><datafield ind1="4" ind2="0" tag="856"><subfield code="u">http://hdl.handle.net/2333.1/612jm8fk</subfield></datafield><datafield ind1="1" ind2=" " tag="880"><subfield code="6">100-00/r</subfield><subfield code="a">&#1575;&#1576;&#1606; &#1591;&#1601;&#1610;&#1604;&#1548; &#1605;&#1581;&#1605;&#1583; &#1576;&#1606; &#1593;&#1576;&#1583; &#1575;&#1604;&#1605;&#1604;&#1603;.</subfield></datafield><datafield ind1="1" ind2="0" tag="880"><subfield code="6">240-00/r</subfield><subfield code="a">&#1585;&#1587;&#1575;&#1604;&#1577; &#1581;&#1610; &#1576;&#1606; &#1610;&#1602;&#1592;&#1575;&#1606;</subfield></datafield><datafield ind1=" " ind2=" " tag="959"><subfield code="a">NNU</subfield><subfield code="b">WEB</subfield><subfield code="c">GENI</subfield><subfield code="t">0</subfield><subfield code="m">Electronic access</subfield><subfield code="s">01</subfield></datafield><datafield ind1=" " ind2=" " tag="999"><subfield code="i">NNC_3071338</subfield><subfield code="o">(OCoLC)ocm07750408 </subfield><subfield code="s">columbia_aco000405</subfield><subfield code="e">(ERROR-880)(ERROR-SERIES)</subfield></datafield></record>